@Article{dutta-sun1,
	author="Dutta, Prajit K. and Sundaram, Rangarajan",
	title="Markovian equilibrium in a class of stochastic games: existence theorems for discounted and undiscounted models",
	journal="Economic Theory",
	year="1992",
	month="Jun",
	day="01",
	volume="2",
	number="2",
	pages="197--214",
	issn="1432-0479",
	doi="10.1007/BF01211440",
	url="https://doi.org/10.1007/BF01211440"
}

@article{dutta-sun2,
	title = "How Different Can Strategic Models Be?",
	journal = "Journal of Economic Theory",
	volume = "60",
	number = "1",
	pages = "42 - 61",
	year = "1993",
	issn = "0022-0531",
	doi = "https://doi.org/10.1006/jeth.1993.1034",
	url = "http://www.sciencedirect.com/science/article/pii/S0022053183710343",
	author = "Prajit K. Dutta and Rangarajan K. Sundaram",
}


@Article{dutta-sun3,
	author="Dutta, Prajit K. and Sundaram, Rangarajan K.",
	title="The tragedy of the commons?",
	journal="Economic Theory",
	year="1993",
	month="Sep",
	day="01",
	volume="3",
	number="3",
	pages="413--426",
	issn="1432-0479",
	doi="10.1007/BF01209694",
	url="https://doi.org/10.1007/BF01209694"
}

@article{chen-rosenthal,
	title = "Dynamic duopoly with slowly changing customer loyalties",
	journal = "International Journal of Industrial Organization",
	volume = "14",
	number = "3",
	pages = "269 - 296",
	year = "1996",
	issn = "0167-7187",
	doi = "https://doi.org/10.1016/0167-7187(95)00487-4",
	url = "http://www.sciencedirect.com/science/article/pii/0167718795004874",
	author = "Yongmin Chen and Robert W. Rosenthal",
	keywords = "Duopoly, Customer loyalties, Market share, Stochastic game, Markov perfect equilibrium",
}

@article{cabral-riordan,
	ISSN = {00129682, 14680262},
	URL = {http://www.jstor.org/stable/2951509},
	author = {Luis M. B. Cabral and Michael H. Riordan},
	journal = {Econometrica},
	number = {5},
	pages = {1115--1140},
	publisher = {[Wiley, Econometric Society]},
	title = {The Learning Curve, Market Dominance, and Predatory Pricing},
	volume = {62},
	year = {1994}
}

@article{rosenthal,
	title = "A dynamic model of duopoly with customer loyalties",
	journal = "Journal of Economic Theory",
	volume = "27",
	number = "1",
	pages = "69 - 76",
	year = "1982",
	issn = "0022-0531",
	doi = "https://doi.org/10.1016/0022-0531(82)90015-1",
	url = "http://www.sciencedirect.com/science/article/pii/0022053182900151",
	author = "Robert W Rosenthal"
}

@techreport{lin-quad,
	title = "Linear Quadratic Games: An Overview",
	keywords = "linear-quadratic games, Nash equilibrium, affine systems, solvability conditions, Riccati equations",
	author = "J.C. Engwerda",
	note = "Subsequently published in Advances in Dynamic Games and their Applications (book), 2009 Pagination: 32",
	year = "2006",
	language = "English",
	volume = "2006-110",
	series = "CentER Discussion Paper",
	publisher = "Macroeconomics",
	type = "WorkingPaper",
	institution = "Macroeconomics"
}

@article{game-defend,
	title = "Game of Defending a Target: A Linear Quadratic Differential Game Approach",
	journal = "IFAC Proceedings Volumes",
	volume = "41",
	number = "2",
	pages = "2643 - 2648",
	year = "2008",
	note = "17th IFAC World Congress",
	issn = "1474-6670",
	doi = "https://doi.org/10.3182/20080706-5-KR-1001.00445",
	url = "http://www.sciencedirect.com/science/article/pii/S1474667016393508",
	author = "Dongxu Li and Jose B. Cruz",
}

@ARTICLE{lin-quad-re, 
	author={X. {Yang} and J. {Gao}}, 
	journal={IEEE Transactions on Fuzzy Systems}, 
	title={Linearâ€“Quadratic Uncertain Differential Game With Application to Resource Extraction Problem}, 
	year={2016}, 
	volume={24}, 
	number={4}, 
	pages={819-826}, 
	doi={10.1109/TFUZZ.2015.2486809}, 
	ISSN={1063-6706}, 
	month={Aug}
}

@inproceedings{rl,
	title={An Analysis of Stochastic Game Theory for Multiagent Reinforcement Learning},
	author={Michael H. Bowling and Manuela M. Veloso},
	year={2000}
}

@article{def,
	title={We shall define a {M}arkov {P}erfect {E}quilibrium ({MPE}) to be a subgame perfect equilibrium in which all players use Markov strategies},
	author={Eric Maskin and Jean Tirole},
	year={2001},
	journal={Journal of Economic Theory}
}


@article {shapley,
	author = {Shapley, L. S.},
	title = {Stochastic Games},
	volume = {39},
	number = {10},
	pages = {1095--1100},
	year = {1953},
	doi = {10.1073/pnas.39.10.1095},
	publisher = {National Academy of Sciences},
	issn = {0027-8424},
	URL = {https://www.pnas.org/content/39/10/1095},
	eprint = {https://www.pnas.org/content/39/10/1095.full.pdf},
	journal = {Proceedings of the National Academy of Sciences}
}

@article{poll-avi,
	author = {Pollatschek, M. A. and Avi-Itzhak, B.},
	title = {Algorithms for Stochastic Games with Geometrical Interpretation},
	journal = {Manage. Sci.},
	issue_date = {March 1969},
	volume = {15},
	number = {7},
	month = mar,
	year = {1969},
	issn = {0025-1909},
	pages = {399--415},
	numpages = {17},
	url = {http://dx.doi.org/10.1287/mnsc.15.7.399},
	doi = {10.1287/mnsc.15.7.399},
	acmid = {2845595},
	publisher = {INFORMS},
	address = {Institute for Operations Research and the Management Sciences (INFORMS), Linthicum, Maryland, USA},
}

@article{single-controller,
	ISSN = {0364765X, 15265471},
	URL = {http://www.jstor.org/stable/3690596},
	abstract = {Given a two-person, nonzero-sum stochastic game where the second player controls the transitions, we formulate a linear complementarity problem LCP(q, M) whose solution gives a Nash equilibrium pair of stationary strategies under the limiting average payoff criterion. The matrix M constructed is of the copositive class so that Lemke's algorithm will process it. We will also do the same for a special class of N-person stochastic games called polymatrix stochastic games.},
	author = {T. E. S. Raghavan and Zamir Syed},
	journal = {Mathematics of Operations Research},
	number = {2},
	pages = {384--400},
	publisher = {INFORMS},
	title = {Computing Stationary Nash Equilibria of Undiscounted Single-Controller Stochastic Games},
	volume = {27},
	year = {2002}
}

@article{vrieze,
	title={Linear Programming and Undiscounted Stochastic Games},
	author={Vrieze OJ},
	year={1981},
	journal={OR Spectrum}
}

@inbook{hodijk,
	author = {Hordijk, Arie and Kallenberg, Lodewijk},
	year = {1981},
	month = {01},
	pages = {307 - 319},
	title = {Linear programming and Markov games II}
}


@InProceedings{parthasarathy,
	author="Parthasarathy, T. and Tijs, S. H. and Vrieze, O. J.",
	editor="Hammer, Gerald and Pallaschke, Diethard",
	title="Stochastic Games with State Independent Transitions and Separable Rewards",
	booktitle="Selected Topics in Operations Research and Mathematical Economics",
	year="1984",
	publisher="Springer Berlin Heidelberg",
	address="Berlin, Heidelberg",
	pages="262--271",
	isbn="978-3-642-45567-4"
}

@article{gensum,
	title = "General-sum stochastic games: Verifiability conditions for Nash equilibria",
	journal = "Automatica",
	volume = "48",
	number = "11",
	pages = "2923 - 2930",
	year = "2012",
	issn = "0005-1098",
	doi = "https://doi.org/10.1016/j.automatica.2012.06.088",
	url = "http://www.sciencedirect.com/science/article/pii/S0005109812003585",
	author = "H.L. Prasad and S. Bhatnagar",
	keywords = "General-sum stochastic games, Discounted cost criteria, Nash equilibrium",
}

@article{nashq,
	author = {Hu, Junling and Wellman, Michael P.},
	title = {Nash Q-learning for General-sum Stochastic Games},
	journal = {J. Mach. Learn. Res.},
	issue_date = {12/1/2003},
	volume = {4},
	month = dec,
	year = {2003},
	issn = {1532-4435},
	pages = {1039--1069},
	numpages = {31},
	url = {http://dl.acm.org/citation.cfm?id=945365.964288},
	acmid = {964288},
	publisher = {JMLR.org},
} 

@InProceedings{economic,
	author="Amir, Rabah",
	editor="Neyman, Abraham and Sorin, Sylvain",
	title="Stochastic Games in Economics and Related Fields: An Overview",
	booktitle="Stochastic Games and Applications",
	year="2003",
	publisher="Springer Netherlands",
	address="Dordrecht",
	pages="455--470",
	isbn="978-94-010-0189-2"
}

@article{cap-acc,
	ISSN = {0361915X},
	URL = {http://www.jstor.org/stable/3003416},
	author = {David Levhari and Leonard J. Mirman},
	journal = {The Bell Journal of Economics},
	number = {1},
	pages = {322--334},
	publisher = {[RAND Corporation, Wiley]},
	title = {The Great Fish War: An Example Using a Dynamic Cournot-Nash Solution},
	volume = {11},
	year = {1980}
}

@article{van-der-wal,
	title={Discounted Markov Games: Successive Approximation and Stopping Times},
	author={Van der Wal J},
	year={1977}
}


@Article{survey,
	author="Raghavan, T. E. S. and Filar, J. A.",
	title="Algorithms for stochastic games --- A survey",
	journal="Zeitschrift f{\"u}r Operations Research",
	year="1991",
	month="Nov",
	day="01",
	volume="35",
	number="6",
	pages="437--472",
	issn="1432-5217",
	doi="10.1007/BF01415989",
	url="https://doi.org/10.1007/BF01415989"
}

@article{gillette,
	author={Gilette D},
	year={1957},
	title={Stochastic Games with Zero Stop Probabilities}
}


@Article{mertens-neyman,
	author="Mertens, J. -F. and Neyman, A.",
	title="Stochastic games",
	journal="International Journal of Game Theory",
	year="1981",
	month="Jun",
	day="01",
	volume="10",
	number="2",
	pages="53--66",
	abstract="Stochastic Games have a value.",
	issn="1432-1270",
	doi="10.1007/BF01769259",
	url="https://doi.org/10.1007/BF01769259"
}

