@book{matrix-cookbook,
	title = {Matrix Cookbook},
	author = {Kaare Brandt Petersen and Michael Syskind Pedersen},
	year = {2012},
	url = {http://www.matrixcookbook.com}
}

@misc{wiki-trunc-gauss,
	author = {{Truncated Gaussian Distribution}},
	title = {Wikipedia, {T}he {F}ree {E}ncyclopedia},
	year = "2018",
	url = {https://en.wikipedia.org/wiki/Truncated_normal_distribution}
}
