@book{atul,
    author    = "Atul Gupta",
    title     = "The Power of Vedic Maths",
    year      = "2013",
    publisher = "Jaico Publishing House",
    address   = ""
}
 
@book{maharaja,
    author    = "Jagadguru Swami Sri Bharati Krishna Tirthaji Maharaja",
    title     = "Vedic Mathematics",
    year      = "2015",
    publisher = "Motilal Banarsidass Publishers",
    address   = ""
}
