@article{wnet,
	author    = {Xide Xia and Brian Kulis},
	title     = {W-Net: {A} Deep Model for Fully Unsupervised Image Segmentation},
	journal   = {CoRR},
	volume    = {abs/1711.08506},
	year      = {2017},
	url       = {http://arxiv.org/abs/1711.08506},
	archivePrefix = {arXiv},
	eprint    = {1711.08506},
	timestamp = {Mon, 13 Aug 2018 16:46:41 +0200},
	biburl    = {https://dblp.org/rec/bib/journals/corr/abs-1711-08506},
	bibsource = {dblp computer science bibliography, https://dblp.org}
}

@article{backprop,
	title={Unsupervised Image Segmentation by Backpropagation},
	author={Asako Kanezaki},
	journal={2018 IEEE International Conference on Acoustics, Speech and Signal Processing (ICASSP)},
	year={2018},
	pages={1543-1547}
}
