@book{puru,
	title = {{N}on-{C}onvex {O}ptimization for {M}achine {L}earning},
	author = {Prateek Jain and Purushottam Kar},
	year = {2017},
	journal = {Foundations and Trends in Machine Learning}
}

@article{iht,
  author    =	{Thomas Blumensath and
				Mike E. Davies},
  title     =	{Iterative Hard Thresholding for Compressed Sensing},
  journal   =	{CoRR},
  volume    =	{abs/0805.0510},
  year      =	{2008}
}
